
@ARTICLE{Angulo2013,
       author = {{Angulo}, Raul E. and {Hahn}, Oliver and {Abel}, Tom},
        title = "{How closely do baryons follow dark matter on large scales?}",
      journal = {\mnras},
     keywords = {cosmology: theory, large-scale structure of Universe, Astrophysics - Cosmology and Nongalactic Astrophysics, Astrophysics - Astrophysics of Galaxies},
         year = "2013",
        month = "Sep",
       volume = {434},
        pages = {1756-1764},
          doi = {10.1093/mnras/stt1135},
archivePrefix = {arXiv},
       eprint = {1301.7426},
 primaryClass = {astro-ph.CO},
       adsurl = {https://ui.adsabs.harvard.edu/\#abs/2013MNRAS.434.1756A},
      adsnote = {Provided by the SAO/NASA Astrophysics Data System}
}

@ARTICLE{Valkenburg2017,
       author = {{Valkenburg}, Wessel and {Villaescusa-Navarro}, Francisco},
        title = "{Accurate initial conditions in mixed dark matter-baryon simulations}",
      journal = {\mnras},
     keywords = {hydrodynamics, methods: numerical, large-scale structure of Universe, Astrophysics - Cosmology and Nongalactic Astrophysics},
         year = "2017",
        month = "Jun",
       volume = {467},
        pages = {4401-4409},
          doi = {10.1093/mnras/stx376},
archivePrefix = {arXiv},
       eprint = {1610.08501},
 primaryClass = {astro-ph.CO},
       adsurl = {https://ui.adsabs.harvard.edu/\#abs/2017MNRAS.467.4401V},
      adsnote = {Provided by the SAO/NASA Astrophysics Data System}
}

@ARTICLE{Chabanier2018,
       author = {{Chabanier}, Sol{\`e}ne and {Palanque-Delabrouille}, Nathalie and
         {Y{\`e}che}, Christophe and {Le Goff}, Jean-Marc and {Armengaud}, Eric and
         {Bautista}, Julian and {Blomqvist}, Michael and {Busca}, Nicolas and
         {Dawson}, Kyle and {Etourneau}, Thomas and {Font-Ribera}, Andreu and
         {Lee}, Youngbae and {du Mas des Bourboux}, H{\'e}lion and
         {Pieri}, Matthew and {Rich}, James and {Rossi}, Graziano and
         {Schneider}, Donald and {Slosar}, An{\v{z}}e},
        title = "{The one-dimensional power spectrum from the SDSS DR14 Ly\$\textbackslashalpha\$ forests}",
      journal = {arXiv e-prints},
     keywords = {Astrophysics - Cosmology and Nongalactic Astrophysics},
         year = "2018",
        month = "Dec",
          eid = {arXiv:1812.03554},
        pages = {arXiv:1812.03554},
archivePrefix = {arXiv},
       eprint = {1812.03554},
 primaryClass = {astro-ph.CO},
       adsurl = {https://ui.adsabs.harvard.edu/\#abs/2018arXiv181203554C},
      adsnote = {Provided by the SAO/NASA Astrophysics Data System}
}

@ARTICLE{Springel2005,
       author = {{Springel}, Volker},
        title = "{The cosmological simulation code GADGET-2}",
      journal = {\mnras},
     keywords = {methods: numerical, galaxies: interactions, dark matter, Astrophysics},
         year = "2005",
        month = "Dec",
       volume = {364},
        pages = {1105-1134},
          doi = {10.1111/j.1365-2966.2005.09655.x},
archivePrefix = {arXiv},
       eprint = {astro-ph/0505010},
 primaryClass = {astro-ph},
       adsurl = {https://ui.adsabs.harvard.edu/\#abs/2005MNRAS.364.1105S},
      adsnote = {Provided by the SAO/NASA Astrophysics Data System}
}

@ARTICLE{DESI,
       author = {{Levi}, Michael and {Bebek}, Chris and {Beers}, Timothy and
         {Blum}, Robert and {Cahn}, Robert and {Eisenstein}, Daniel and
         {Flaugher}, Brenna and {Honscheid}, Klaus and {Kron}, Richard and
         {Lahav}, Ofer and {McDonald}, Patrick and {Roe}, Natalie and
         {Schlegel}, David and {representing the DESI collaboration}},
        title = "{The DESI Experiment, a whitepaper for Snowmass 2013}",
      journal = {arXiv e-prints},
     keywords = {Astrophysics - Cosmology and Extragalactic Astrophysics, Astrophysics - Instrumentation and Methods for Astrophysics},
         year = "2013",
        month = "Aug",
          eid = {arXiv:1308.0847},
        pages = {arXiv:1308.0847},
archivePrefix = {arXiv},
       eprint = {1308.0847},
 primaryClass = {astro-ph.CO},
       adsurl = {https://ui.adsabs.harvard.edu/\#abs/2013arXiv1308.0847L},
      adsnote = {Provided by the SAO/NASA Astrophysics Data System}
}

@ARTICLE{Schneider2016,
       author = {{Schneider}, Aurel and {Teyssier}, Romain and {Potter}, Doug and
         {Stadel}, Joachim and {Onions}, Julian and {Reed}, Darren S. and
         {Smith}, Robert E. and {Springel}, Volker and {Pearce}, Frazer R. and
         {Scoccimarro}, Roman},
        title = "{Matter power spectrum and the challenge of percent accuracy}",
      journal = {Journal of Cosmology and Astro-Particle Physics},
     keywords = {Astrophysics - Cosmology and Nongalactic Astrophysics},
         year = "2016",
        month = "Apr",
       volume = {2016},
          eid = {047},
        pages = {047},
          doi = {10.1088/1475-7516/2016/04/047},
archivePrefix = {arXiv},
       eprint = {1503.05920},
 primaryClass = {astro-ph.CO},
       adsurl = {https://ui.adsabs.harvard.edu/\#abs/2016JCAP...04..047S},
      adsnote = {Provided by the SAO/NASA Astrophysics Data System}
}

@ARTICLE{Adaptive,
       author = {{Iannuzzi}, Francesca and {Dolag}, Klaus},
        title = "{Adaptive gravitational softening in GADGET}",
      journal = {\mnras},
     keywords = {gravitation, methods: numerical, cosmology: theory, large-scale structure of Universe, Astrophysics - Cosmology and Nongalactic Astrophysics},
         year = "2011",
        month = "Nov",
       volume = {417},
        pages = {2846-2859},
          doi = {10.1111/j.1365-2966.2011.19446.x},
archivePrefix = {arXiv},
       eprint = {1107.2942},
 primaryClass = {astro-ph.CO},
       adsurl = {https://ui.adsabs.harvard.edu/\#abs/2011MNRAS.417.2846I},
      adsnote = {Provided by the SAO/NASA Astrophysics Data System}
}
